<?xml version="1.0" encoding="UTF-8"?><collection xmlns="http://www.loc.gov/MARC21/slim"><record><leader>00665nam--2200205-u-4500</leader><controlfield tag="001">000053334</controlfield><controlfield tag="002">20161230</controlfield><controlfield tag="005">20161230201051</controlfield><controlfield tag="008">110315s1000------------r-----000-0-eng-d</controlfield><datafield ind1=" " ind2=" " tag="020"><subfield code="a">0750305487</subfield></datafield><datafield ind1=" " ind2=" " tag="040"><subfield code="a">IFIN-HH</subfield></datafield><datafield ind1=" " ind2=" " tag="080"><subfield code="a">523</subfield></datafield><datafield ind1="1" ind2=" " tag="100"><subfield code="a">Burko, L.M</subfield></datafield><datafield ind1="1" ind2="0" tag="245"><subfield code="a">Internal structure of black holes and spacetime singularities</subfield><subfield code="b">An international research workshop haifa, june 29 - july 3, 1997</subfield><subfield code="c">Lior m. burko, amos ori (eds.)</subfield></datafield><datafield ind1=" " ind2=" " tag="260"><subfield code="a">Bristol</subfield><subfield code="b">Institute Of Physics Publishing</subfield><subfield code="c">1997</subfield></datafield><datafield ind1=" " ind2=" " tag="300"><subfield code="a">534P</subfield></datafield><datafield ind1=" " ind2=" " tag="490"><subfield code="a">Annals Of The Israel Physical Society</subfield><subfield code="v">Vol. 13</subfield></datafield><datafield ind1="1" ind2=" " tag="700"><subfield code="a">Ori, Amos</subfield><subfield code="e">Ed</subfield></datafield><datafield ind1=" " ind2=" " tag="852"><subfield code="a">81429</subfield><subfield code="c">523</subfield></datafield><datafield ind1=" " ind2=" " tag="CAT"><subfield code="a">Sys</subfield><subfield code="c">20141210</subfield><subfield code="h">161156</subfield></datafield></record></collection>